% This file was created with JabRef 2.9.2.
% Encoding: UTF-8

@BOOK{goossens93,
  title = {The LaTeX Companion},
  publisher = {Addison-Wesley},
  year = {1993},
  author = {Michel Goossens and Frank Mittelbach and Alexander Samarin},
  address = {Reading, Massachusetts}
}

@BOOK{Syropoulos,
  title = {Ψηφιακή τυπογραφία με το XeLaTeX},
  publisher = {Επίκεντρο},
  year = {2011},
  author = {Απόστολος Συρόπουλος},
  address = {Αθήνα}
}

@MISC{JABREF,
  title = {JabRef},
  owner = {george},
  timestamp = {2018.02.08},
  url = {http://www.jabref.org/},
  urldate = {2017-02-08}
}

@BOOK{demvsar,
	title={Statistical comparisons of classifiers over multiple data sets},
	author={Dem{\v{s}}ar, Janez},
	journal={Journal of Machine learning research},
	volume={7},
	number={Jan},
	pages={1--30},
	year={2006}
}

@article{JMLR:v18:16-365,
	author  = {Guillaume  Lema{{\^i}}tre and Fernando Nogueira and Christos K. Aridas},
	title   = {Imbalanced-learn: A Python Toolbox to Tackle the Curse of Imbalanced Datasets in Machine Learning},
	journal = {Journal of Machine Learning Research},
	year    = {2017},
	volume  = {18},
	number  = {17},
	pages   = {1-5},
	url     = {http://jmlr.org/papers/v18/16-365.html}
}


@article{scikit-learn,
	title={Scikit-learn: Machine Learning in {P}ython},
	author={Pedregosa, F. and Varoquaux, G. and Gramfort, A. and Michel, V.
	and Thirion, B. and Grisel, O. and Blondel, M. and Prettenhofer, P.
	and Weiss, R. and Dubourg, V. and Vanderplas, J. and Passos, A. and
	Cournapeau, D. and Brucher, M. and Perrot, M. and Duchesnay, E.},
	journal={Journal of Machine Learning Research},
	volume={12},
	pages={2825--2830},
	year={2011}
}

